@book{EngToSwe1,
    AUTHOR = "Bengt \& Carol HÃ¤llgren",
    TITLE = "From English to Swedish 1",
    PUBLISHER = "CreateSpace Independent Publishing Platform; 2nd edition",
    YEAR = "2016"
}